%% LaTeX2e file `studienarbeit-Literatur.bib'
%% generated by the `filecontents' environment
%% from source `studienarbeit' on 2016/03/10.
%%

@www{TR3119,
 title={BSI TR-03119 Requirements for Smart Card Readers Supporting eID and eSign Based on Extended Access Control},
 url={https://www.bsi.bund.de/DE/Publikationen/TechnischeRichtlinien/tr03119/index_htm.html},
 urldate = {2016-02-28}
}

@www{TR3127,
 title={BSI TR-03127 - Architektur elektronischer Personalausweis und elektronischer Aufenthaltstitel},
 url={https://www.bsi.bund.de/DE/Publikationen/TechnischeRichtlinien/tr03127/tr-03127.html},
 urldate = {2016-02-28}
}

@www{TR3110,
 title={BSI TR-03110 Technical Guideline Advanced Security Mechanisms for Machine Readable Travel Documents and eIDAS Token},
 url={https://www.bsi.bund.de/EN/Publications/TechnicalGuidelines/TR03110/BSITR03110.html},
 urldate = {2016-02-28}
}

@www{TR3117,
 title={BSI TR-03117 eCards mit kontaktloser Schnittstelle als sichere Signaturerstellungseinheit},
 url={https://www.bsi.bund.de/DE/Publikationen/TechnischeRichtlinien/tr03117/index_htm.html},
 urldate = {2016-02-28}
}

@article{7816-4,
 title={ISO/IEC 7816-4},
 author = "ISO/IEC",
 publisher = "publisher"},
 YEAR = 2004,
}

@article{ISO14443,
 title={ISO/IEC 14443-3},
 author = "ISO/IEC",
 publisher = "publisher"},
 YEAR = 2011
}

